@inproceedings{paccagnan2016aggregative,
  title={On Aggregative and Mean Field Games with Applications to Electricity Markets},
  author={Paccagnan, Dario and Kamgarpour, Maryam and Lygeros, John},
  booktitle={European Control Conference, to appear},
  pages={1--6},
  year={2016}
}

@TechReport{wang2016privacy,
  title={Privacy-preserving Analysis of Correlated Data},
  author={Wang, Yizhen and Song, Shuang and Chaudhuri, Kamalika},
  institution={arXiv},
  number={arXiv:1603.03977},
  year={2016}
}


